@book{pasp,
	Author = {Julius O. Smith},
	Title = {Physical Audio Signal Processing},
	ISBN = {9780974560724},
	Year = {2010},
	Url = {https://ccrma.stanford.edu/~jos/pasp/}}


@article{quickref, 
	Author = {Grame},
	Title = {Faust Quick Reference},
	Year = {2014},
	Url = {http://faust.grame.fr/images/faust-quick-reference.pdf}}


@article{lac_orlarey, 
	Author = {Orlarey Gr\"{a}f Kersten},
	Year = {2006},
	Title = {DSP Programming with Faust, Q and SuperCollider},
	Url = {http://lac.zkm.de/2006/papers/lac2006_orlarey_et_al.pdf}}

@article{filters,
	Author = {J. O. Smith},
	Journal = {Proc. 6th Int. Linux Audio Conf (LAC2008)},
	Title = {Virtual electric guitars and effects using Faust and Octave},
	Url = {https://ccrma.stanford.edu/~jos/pdf/LAC2008-jos.pdf},
	Year = {2008}}

@InProceedings{Michon2011,
  Title                    = {{Faust-STK}: a set of linear and nonlinear physical models for the {Faust} programming language},
    Author                   = {Romain Michon and Julius O. Smith},
	  Booktitle                = {Proceedings of the 14th International Conference on Digital Audio Effects (DAFx-11)},
	    Year                     = {2011},

  Address                  = {Paris, France},
    Month                    = {September},
	  Owner                    = {romain},
	    Timestamp                = {2015.04.17}
		}

@Book{Smith2010,
  Title                    = {Physical Audio Signal Processing for Virtual Musical Instruments and Digital Audio Effects},
    Author                   = {Julius Orion Smith},
	  Publisher                = {W3K Publishing},
	    Year                     = {2010},

  Owner                    = {romain},
    Timestamp                = {2015.06.14},
	  Url                      = {https://ccrma.stanford.edu/~jos/pasp/}
	  }

@InCollection{Adrien1991,
  Title                    = {The Missing Link: Modal Synthesis},
    Author                   = {Adrien, Jean-Marie},
	  Booktitle                = {Representations of Musical Signals},
	    Publisher                = {MIT Press},
		  Year                     = {1991},

  Address                  = {Cambridge, USA},
    Chapter                  = {The Missing Link: Modal Synthesis},
	  Pages                    = {269-298},

  Acmid                    = {131158},
    ISBN                     = {0-262-04113-8},
	  Numpages                 = {30}
	  }